% This file was created with Citavi 6.3.0.0

@misc{Anagnostou.2017,
 author = {Anagnostou, Kostas},
 year = {2017},
 title = {EXPERIMENTS IN GPU-BASED OCCLUSION CULLING},
 url = {https://interplayoflight.wordpress.com/2017/11/15/experiments-in-gpu-based-occlusion-culling/},
 urldate = {01.07.2019}
}


@misc{Barrett.2017,
 author = {Barrett, Sean},
 year = {2017},
 title = {Why Frustum Culling Matters, and Why It's Not Important},
 url = {https://gist.github.com/nothings/913056601b56e5719cc987684a16544e},
 urldate = {01.07.2019}
}


@article{CohenOr.2003,
 author = {Cohen-Or, Daniel and Chrysanthou, Yiorgos L. and Silva, Cl{\'a}udio T. and Durand, Fr{\'e}do},
 year = {2003},
 title = {A Survey of Visibility for Walkthrough Applications},
 url = {https://www.researchgate.net/publication/2440562_A_Survey_of_Visibility_for_Walkthrough_Applications},
 urldate = {01.07.2019},
 pages = {412--431},
 volume = {9},
 number = {3},
 journal = {IEEE TRANSACTIONS ON VISUALIZATION AND COMPUTER GRAPHICS}
}


@misc{gamesindustry.biz.2016,
 year = {2016},
 title = {Overview on popular occlusion culling techniques: The experts at Umbra share their knowledge on solving the 3D visibility problem},
 url = {https://www.gamesindustry.biz/articles/2016-12-07-overview-on-popular-occlusion-culling-techniques},
 urldate = {01.07.2019}
}


@misc{Gerlits.2017,
 author = {Gerlits, Anatoliy},
 year = {2017},
 title = {Frustum Culling},
 url = {https://www.gamedev.net/articles/programming/general-and-gameplay-programming/frustum-culling-r4613/},
 urldate = {01.07.2019}
}


@misc{Haines.1999,
 author = {Haines, Eric and M{\"u}ller, Thomas},
 year = {1999},
 title = {Occlusion Culling Algorithms},
 url = {https://www.gamasutra.com/view/feature/131801/occlusion_culling_algorithms.php},
 urldate = {01.07.2019}
}


@misc{Hale.2018,
 author = {Hale, Jonathan},
 year = {2018},
 title = {Dual-Cone View Culling for Virtual Reality Applications},
 url = {https://blog.squareys.de/dual-cone-view-culling-for-vr/},
 urldate = {01.07.2019}
}


@article{Hey.2001,
 author = {Hey, Heinrich and Purgathofer, Werner},
 year = {2001},
 title = {Occlusion Culling Methods},
 url = {https://pdfs.semanticscholar.org/c1a0/aa9000f62bb9b1a60f27182e23872c375e1e.pdf},
 urldate = {01.07.2019},
 journal = {EUROGRAPHICS STAR}
}


@misc{Hobson.2019,
 author = {Hobson, Tim},
 year = {2019},
 title = {Understanding Culling Methods | Live Training | Unreal Engine},
 url = {https://www.youtube.com/watch?v=6WtE3CoFMXU},
 urldate = {01.07.2019},
 publisher = {{Epic Games, Inc.}}
}


@misc{ITCS.Subramanian,
 author = {{Dr. K.R. Subramanian}},
 title = {Culling Techniques},
 url = {https://webpages.uncc.edu/krs/courses/5010/ged/lectures/cull_lod2.pdf},
 address = {Charlotte, NC},
 series = {ITCS 4010/5010: Game Engine Design},
 institutions = {{UNC Charlotte}}
}


@misc{Kubisch.2014,
 author = {Kubisch, Christoph},
 year = {2014},
 title = {OpenGL sample for shader-based occlusion culling},
 url = {https://github.com/nvpro-samples/gl_occlusion_culling},
 urldate = {01.07.2019},
 series = {NVIDIA DesignWorks Samples}
}


@misc{Lighthouse3d.com.2011,
 year = {2011},
 title = {View Frustum Culling},
 url = {http://www.lighthouse3d.com/tutorials/view-frustum-culling/},
 urldate = {01.07.2019}
}


@misc{Rodriguez.2013,
 author = {Rodriguez, Jorge},
 year = {2013},
 title = {Math for Game Developers - Frustum Culling},
 url = {https://www.youtube.com/watch?v=4p-E_31XOPM},
 urldate = {01.07.2019},
 volume = {29},
 series = {Math for Game Developers}
}


@misc{sydneyzh.2018,
 author = {sydneyzh},
 year = {2018},
 title = {GPU occlusion culling using compute shader with Vulkan},
 url = {https://github.com/sydneyzh/gpu_occlusion_culling_vk},
 urldate = {01.07.2019}
}


@misc{thebennybox.2018,
 author = {thebennybox},
 year = {2018},
 title = {How Occlusion Culling Works},
 url = {https://www.youtube.com/playlist?list=PLEETnX-uPtBVszVeAIDl5jp5j9YT9EFae},
 urldate = {01.07.2019}
}


@misc{VisCircleGmbH.,
 title = {Wie Sie einen Einstieg in das Frustum Culling finden.},
 url = {https://viscircle.de/wie-sie-einen-einstieg-in-das-frustum-culling-finden/},
 urldate = {01.07.2019}
}


@misc{Whiting.2017,
 author = {Whiting, Nick},
 year = {2017},
 title = {Oculus Connect 4 | The Road to Shipping: Technical Postmortem for Robo Recall: Superfrustum culling},
 url = {https://www.youtube.com/watch?v=BZhOUGG45_o&feature=youtu.be&t=46m12s},
 urldate = {01.07.2019},
 publisher = {{Facebook Technologies, LLC.}}
}


@misc{Willems.2016.4,
 author = {Willems, Sascha},
 year = {2016},
 title = {Occlusion queries: Using occlusion query for visbility testing},
 url = {https://github.com/SaschaWillems/Vulkan/blob/master/examples/occlusionquery/occlusionquery.cpp},
 urldate = {01.07.2019},
 number = {4}
}


@misc{Willems.2016.6,
 author = {Willems, Sascha},
 year = {2016},
 title = {Cull and LOD: Compute shader culling and LOD using indirect rendering},
 url = {https://github.com/SaschaWillems/Vulkan/blob/master/examples/computecullandlod/computecullandlod.cpp},
 urldate = {01.07.2019},
 number = {6}
}


